<record><leader>00000cas a22000007a 4500</leader><controlfield tag="001">15698154</controlfield><controlfield tag="008">870516c19769999inuwr ne      0    0eng d</controlfield><datafield ind1=" " ind2=" " tag="010"><subfield code="a">sn 87056213 </subfield></datafield><datafield ind1=" " ind2=" " tag="040"><subfield code="a">NPI</subfield><subfield code="b">eng</subfield><subfield code="c">NPI</subfield><subfield code="d">OCLCQ</subfield><subfield code="d">IUL</subfield><subfield code="d">OCLCF</subfield></datafield><datafield ind1=" " ind2=" " tag="042"><subfield code="a">msc</subfield></datafield><datafield ind1=" " ind2=" " tag="043"><subfield code="a">n-us-in</subfield></datafield><datafield ind1="0" ind2="4" tag="245"><subfield code="a">The Butler bulletin.</subfield></datafield><datafield ind1=" " ind2=" " tag="260"><subfield code="a">Butler, Ind. :</subfield><subfield code="b">[Max Gray],</subfield><subfield code="c">1976-</subfield></datafield><datafield ind1=" " ind2=" " tag="300"><subfield code="a">volumes</subfield></datafield><datafield ind1=" " ind2=" " tag="310"><subfield code="a">Weekly</subfield></datafield><datafield ind1="0" ind2=" " tag="362"><subfield code="a">1st year, no. 1 (Mar. 31, 1976)-1st year, no. 51 (Mar. 23, 1977) ; 111th year, no. 11 (Mar. 30, 1977)-</subfield></datafield><datafield ind1=" " ind2=" " tag="515"><subfield code="a">Assumed issue number of the Record-herald with Mar. 30, 1977 issue.</subfield></datafield><datafield ind1=" " ind2=" " tag="588"><subfield code="a">Description based on: No. 11 (Mar. 30, 1977).</subfield></datafield><datafield ind1=" " ind2="0" tag="651"><subfield code="a">Butler (Ind.)</subfield><subfield code="v">Newspapers.</subfield></datafield><datafield ind1=" " ind2="0" tag="651"><subfield code="a">De Kalb County (Ind.)</subfield><subfield code="v">Newspapers.</subfield></datafield><datafield ind1=" " ind2="7" tag="651"><subfield code="a">Indiana</subfield><subfield code="z">Butler.</subfield><subfield code="2">fast</subfield><subfield code="0">(OCoLC)fst01261986</subfield></datafield><datafield ind1=" " ind2="7" tag="651"><subfield code="a">Indiana</subfield><subfield code="z">De Kalb County.</subfield><subfield code="2">fast</subfield><subfield code="0">(OCoLC)fst01225876</subfield></datafield><datafield ind1=" " ind2="7" tag="655"><subfield code="a">Newspapers.</subfield><subfield code="2">fast</subfield><subfield code="0">(OCoLC)fst01423814</subfield></datafield><datafield ind1=" " ind2=" " tag="752"><subfield code="a">United States</subfield><subfield code="b">Indiana</subfield><subfield code="c">De Kalb</subfield><subfield code="d">Butler.</subfield></datafield><datafield ind1="0" ind2="5" tag="780"><subfield code="t">Record-herald (Butler, Ind. : 1976)</subfield><subfield code="w">(DLC)sn 87056212</subfield><subfield code="w">(OCoLC)15701339</subfield></datafield></record>